<?xml version="1.0" encoding="UTF-8"?><record xmlns="http://www.loc.gov/MARC21/slim" xmlns:cinclude="http://apache.org/cocoon/include/1.0" xmlns:zs="http://www.loc.gov/zing/srw/">
  <leader>00448nz  a2200133n  4500</leader>
  <controlfield tag="001">n  95038302 </controlfield>
  <controlfield tag="003">DLC</controlfield>
  <controlfield tag="005">19950418173639.6</controlfield>
  <controlfield tag="008">950418n| acannaab|          |n aaa |||  </controlfield>
  <datafield tag="010" ind1=" " ind2=" ">
    <subfield code="a">n  95038302 </subfield>
  </datafield>
  <datafield tag="040" ind1=" " ind2=" ">
    <subfield code="a">DLC</subfield>
    <subfield code="c">DLC</subfield>
  </datafield>
  <datafield tag="100" ind1="1" ind2="0">
    <subfield code="a">T︠S︡vetkov, E. I.</subfield>
  </datafield>
  <datafield tag="670" ind1=" " ind2=" ">
    <subfield code="a">Soviet Union. Sovetskai︠a︡ Armii︠a︡. Generalʹnyĭ shtab. Tegeran, 1980:</subfield>
    <subfield code="b">map recto (Redaktor E.I. T︠S︡vetkov)</subfield>
  </datafield>
  <datafield tag="675" ind1=" " ind2=" ">
    <subfield code="a">Promin. person. USSR, 1968;</subfield>
    <subfield code="a">Info. U.S.S.R., c1962</subfield>
  </datafield>
</record>